<?xml version="1.0" encoding="UTF-8"?><collection xmlns="http://www.loc.gov/MARC21/slim"><record><leader>00349nam--2200133-i-4500</leader><controlfield tag="001">000042310</controlfield><controlfield tag="002">20161230</controlfield><controlfield tag="005">20161230201043</controlfield><controlfield tag="008">060222s1000------------r-----000-0-eng-d</controlfield><datafield ind1=" " ind2=" " tag="080"><subfield code="a">681.14</subfield></datafield><datafield ind1=" " ind2=" " tag="100"><subfield code="a">Soucek,Branko</subfield></datafield><datafield ind1=" " ind2=" " tag="245"><subfield code="a">Minicomputers in data processing and simulaton</subfield></datafield><datafield ind1=" " ind2=" " tag="260"><subfield code="a">New York, Wiley-interscience,Inc.,1972. 467 P</subfield></datafield><datafield ind1=" " ind2=" " tag="852"><subfield code="a">37888</subfield></datafield></record></collection>